@inproceedings{irsoy2014opinion,
  title={Opinion mining with deep recurrent neural networks},
  author={Irsoy, Ozan and Cardie, Claire},
  booktitle={Proceedings of the 2014 Conference on Empirical Methods in Natural Language Processing (EMNLP)},
  pages={720--728},
  year={2014}
}

@article{DBLP:journals/corr/ChungGCB15,
  author    = {Junyoung Chung and
               {\c{C}}aglar G{\"{u}}l{\c{c}}ehre and
               KyungHyun Cho and
               Yoshua Bengio},
  title     = {Gated Feedback Recurrent Neural Networks},
  journal   = {CoRR},
  volume    = {abs/1502.02367},
  year      = {2015},
  url       = {http://arxiv.org/abs/1502.02367},
  timestamp = {Mon, 02 Mar 2015 14:17:34 +0100},
  biburl    = {http://dblp.uni-trier.de/rec/bib/journals/corr/ChungGCB15},
  bibsource = {dblp computer science bibliography, http://dblp.org}
}

@article{wiebe2005annotating,
  title={Annotating expressions of opinions and emotions in language},
  author={Wiebe, Janyce and Wilson, Theresa and Cardie, Claire},
  journal={Language resources and evaluation},
  volume={39},
  number={2-3},
  pages={165--210},
  year={2005},
  publisher={Springer}
}
